
@inbook{abbott,
  author       = {{H. Abbott, Ira} \& {E. Von Doenhoff, Albert}}, 
  title        = {Theory of Wing Sections. Including a Summary of Airfoil Data},
  chapter      = {Appendix IV},
  pages        = {474, 475},
  publisher    = {Dover Publications, Inc},
  year         = 1959,
  volume       = {},
  series       = {},
  address      = {180 Varick Street, New York, N.Y. 10014},
  edition      = 2,
  month        = {},
  note         = {}
}

@inbook{abbott_flap,
  author       = {{H. Abbott, Ira} and {E. Von Doenhoff, Albert}}, 
  title        = {Theory of Wing Sections. Including a Summary of Airfoil Data},
  chapter      = {8},
  pages        = {190},
  publisher    = {Dover Publications, Inc},
  year         = 1959,
  volume       = {},
  series       = {},
  address      = {180 Varick Street, New York, N.Y. 10014},
  edition      = 2,
  month        = {},
  note         = {}
}

@inbook{mccormick_flap,
  author       = {{W. McCormick, Barnes}}, 
  title        = {Aerodynamics, Aeronautics, and Flight Mechanics},
  chapter      = {3},
  pages        = {100},
  publisher    = {John Wiley \& Sons, Inc.},
  year         = 1995,
  volume       = {},
  series       = {},
  address      = {New York},
  edition      = 2,
  month        = {},
  note         = {}
}

@techreport{nasa_cp,
  author       = {{J. Bingham, Gene} and {W. Noonan, Kevin}}, 
  title        = {Low Speed Aerodynamic characteristics of NACA 6716 and 4416 airfoils with 35-percent-chord single-slotted flaps},
  institution  = {National Aeronautics and Space Administration},
  year         = 1974,
  number       = {},
  address      = {Hampton, Virginia 23665},
  month        = 5,
  note         = {}
}

@unpublished{ortega,
  author       = {Ortega, Enrique}, 
  title        = {Classical Thin-Airfoil Theory},
  note         = {Transparencias de Aerodin√°mica},
  month        = {2},
  year         = {2020}
}

